@book{moretti2005graphs,
      title={Graphs, maps, trees: abstract models for a literary history},
        author={Moretti, Franco},
          year={2005},
            publisher={Verso}
}

@article{bakhtin1937forms,
      title={Forms of Time and of the Chronotope in the Novel: Notes toward a Historical Poetics},
        author={Bakhtin, Mikhail M},
          journal={Narrative dynamics: Essays on time, plot, closure, and frames},
            pages={15--24},
              year={1937}
}

@book{williams1975country,
      title={The country and the city},
        author={Williams, Raymond},
          volume={423},
            year={1975},
              publisher={Oxford University Press}
}

@book{moretti1999atlas,
      title={Atlas of the European novel, 1800-1900},
        author={Moretti, Franco},
          year={1999},
            publisher={Verso}
}

@article{nadeau2007survey,
      title={A survey of named entity recognition and classification},
        author={Nadeau, David and Sekine, Satoshi},
          journal={Lingvisticae Investigationes},
            volume={30},
              number={1},
                pages={3--26},
                  year={2007},
                    publisher={John Benjamins publishing company}
}

@inproceedings{chen1996identification,
      title={Identification and classification of proper nouns in Chinese texts},
        author={Chen, Hsin-Hsi and Lee, Jen-Chang},
          booktitle={Proceedings of the 16th conference on Computational linguistics-Volume 1},
            pages={222--229},
              year={1996},
                organization={Association for Computational Linguistics}
}
@inproceedings{zhang2004focused,
      title={Focused named entity recognition using machine learning},
        author={Zhang, Li and Pan, Yue and Zhang, Tong},
          booktitle={Proceedings of the 27th annual international ACM SIGIR conference on Research and development in information retrieval},
            pages={281--288},
              year={2004},
                organization={ACM}
}
@inproceedings{elson2010extracting,
      title={Extracting social networks from literary fiction},
        author={Elson, David K and Dames, Nicholas and McKeown, Kathleen R},
          booktitle={Proceedings of the 48th annual meeting of the association for computational linguistics},
            pages={138--147},
              year={2010},
                organization={Association for Computational Linguistics}
}
@inproceedings{agarwal2012social,
      title={Social network analysis of alice in wonderland},
        author={Agarwal, Apoorv and Corvalan, Augusto and Jensen, Jacob and Rambow, Owen},
          booktitle={Workshop on Computational Linguistics for Literature},
            pages={88--96},
              year={2012}
}
@misc{sparknotes,
    title = {Sparknotes},
    howpublished = {\url{http://www.sparknotes.com/}},
    note = {Accessed: 2015-11-15} 
}
@inproceedings{da2004cluster,
      title={Cluster Analysis and Classification of Named Entities.},
        author={Da Silva, Joaquim Ferreira and Kozareva, Zornitsa and Lopes, Jos{\'e} Gabriel Pereira},
          booktitle={LREC},
            year={2004}
}
@techreport{bron2009related,
      title={Related entity finding based on co-occurrence},
        author={Bron, Marc and Balog, Krisztian and Rijke, Maarten de},
          year={2009},
            institution={DTIC Document}
}
@techreport{yang2009experiments,
      title={Experiments on related entity finding track at TREC 2009},
        author={Yang, Qing and Jiang, Peng and Zhang, Chunxia and Niu, Zhendong},
          year={2009},
            institution={DTIC Document}
}
@inproceedings{finkel2005incorporating,
      title={Incorporating non-local information into information extraction systems by gibbs sampling},
        author={Finkel, Jenny Rose and Grenager, Trond and Manning, Christopher},
          booktitle={Proceedings of the 43rd Annual Meeting on Association for Computational Linguistics},
            pages={363--370},
              year={2005},
                organization={Association for Computational Linguistics}
}
@article{hearst1998support,
      title={Support vector machines},
        author={Hearst, Marti A. and Dumais, Susan T and Osman, Edgar and Platt, John and Scholkopf, Bernhard},
          journal={Intelligent Systems and their Applications, IEEE},
            volume={13},
              number={4},
                pages={18--28},
                  year={1998},
                    publisher={IEEE}
}
@article{breiman2001random,
      title={Random forests},
        author={Breiman, Leo},
          journal={Machine learning},
            volume={45},
              number={1},
                pages={5--32},
                  year={2001},
                    publisher={Springer}
}
@book{moretti2013distant,
      title={Distant reading},
        author={Moretti, Franco},
          year={2013},
            publisher={Verso Books}
}
@article{miller1995wordnet,
      title={WordNet: a lexical database for English},
        author={Miller, George A},
          journal={Communications of the ACM},
            volume={38},
              number={11},
                pages={39--41},
                  year={1995},
                    publisher={ACM}
}
@book{gutenberg,
      title={Project gutenberg},
        author={Hart, Michael},
          year={1971},
            publisher={Project Gutenberg}
}
